@INPROCEEDINGS{1327109, 
author={C. Levy and G. Linares and P. Nocera and J. F. Bonastre}, 
booktitle={2004 IEEE International Conference on Acoustics, Speech, and Signal Processing}, 
title={Reducing computational and memory cost for cellular phone embedded speech recognition system}, 
year={2004}, 
volume={5}, 
number={}, 
pages={V-309-12 vol.5}, 
keywords={cellular radio;embedded systems;hidden Markov models;linear predictive coding;mobile handsets;speech coding;speech recognition;English corpora;French corpora;GSM;HMM;LPC;MFCC;Mel frequency cepstral coefficients;acoustic modeling;acoustic parameterization;cellular phone embedded speech recognition system;computational cost reduction;digit recognition task;dynamic time warping;linear predictive cepstrum coefficients;linear predictive coding;memory cost reduction;perceptual linear predictive coefficients;phonetic lexicon;speaker independent tasks;user interface;Cellular phones;Computational efficiency;Embedded computing;GSM;Hidden Markov models;Linear predictive coding;Mel frequency cepstral coefficient;Speech processing;Speech recognition;Vectors}, 
doi={10.1109/ICASSP.2004.1327109}, 
ISSN={1520-6149}, 
month={May},}

@Article{divya,
author={Shreya Narang, Divya Gupta},
title={Speech Feature Extraction Techniques: A Review},
journal={International Journal of Computer Science and Mobile Computing},
month={March},
pages={107-114},
year={2015},
}

@Article{Mustafa2017,
author={Mustafa, Mohammed Kyari and Allen, Tony and Appiah, Kofi},
title={A comparative review of dynamic neural networks and hidden Markov model methods for mobile on-device speech recognition},
journal={Neural Computing and Applications},
year={2017},
month={Jun},
day={04},
issn={1433-3058},
doi={10.1007/s00521-017-3028-2},
url={https://doi.org/10.1007/s00521-017-3028-2}
}

@InProceedings{10.1007/978-981-10-3920-1_46,
author={Tailor, Jinal H. and Shah, Dipti B.},
editor={Mishra, Durgesh Kumar and Nayak, Malaya Kumar and Joshi, Amit},
title={HMM-Based Lightweight Speech Recognition System for Gujarati Language},
booktitle={Information and Communication Technology for Sustainable Development},
year={2018},
publisher={Springer Singapore},
address={Singapore},
pages={451--461},
isbn={978-981-10-3920-1}}

@ARTICLE{1165058, 
author={Y. Tohkura}, 
journal={IEEE Transactions on Acoustics, Speech, and Signal Processing},
title={A weighted cepstral distance measure for speech recognition}, 
year={1987},
volume={35},
number={10},
pages={1414-1422},
keywords={Cepstral analysis;Character recognition;Databases;Distortion measurement;Euclidean distance;Linear predictive coding;Speech recognition;System testing;Time measurement;Weight measurement},
doi={10.1109/TASSP.1987.1165058},
ISSN={0096-3518},
month={Oct}}

@INPROCEEDINGS{5600170, 
author={X. Fu and X. Wu and M. Song and M. Chen},
booktitle={2010 6th International Conference on Wireless Communications Networking and Mobile Computing (WiCOM)},
title={Research on Audio/Video Codec Based on Android},
year={2010},
pages={1-4},
keywords={Java;audio coding;public domain software;video codecs;Android based codec;JNI;Java native interface;audio codec;open source project;transplantation process;video codec;Encoding;Java;Libraries;Open source software;Video codecs},
doi={10.1109/WICOM.2010.5600170},
ISSN={2161-9646},
month={Sept}}

@MISC{Kumar_rethinkingspeech,
    author = {Anuj Kumar and Anuj Tewari and Seth Horrigan and Matthew Kam and Florian Metze and John Canny},
    title = {Rethinking Speech Recognition on Mobile Devices},
    year = {2011}
}

@MISC{Saha_anew,
    author = {G. Saha and Sandipan Chakroborty and Suman Senapati},
    title = { A New Silence Removal and Endpoint Detection Algorithm for Speech and Speaker Recognition Applications},
    year = {}
}

@BOOK{rabinerbook,
  TITLE = {Digital Processing of Speech Signals},
  AUTHOR = {Lawrence R. Rabiner, Ronald W. Schafer},
  YEAR = {1978},
  PUBLISHER = {Prentice-Hall},
}

@book{Blahut:1985:FAD:537283,
 author = {Blahut Richard E.},
 title = {Fast Algorithms for Digital Signal Processing},
 year = {2010},
 publisher = {Cambridge University Press},
} 

@ARTICLE{18626, 
author={L. R. Rabiner}, 
journal={Proceedings of the IEEE}, 
title={A tutorial on hidden Markov models and selected applications in speech recognition}, 
year={1989}, 
volume={77}, 
number={2}, 
pages={257-286}, 
keywords={Markov processes;speech recognition;balls-in-urns system;coin-tossing;discrete Markov chains;ergodic models;hidden Markov models;hidden states;left-right models;probabilistic function;speech recognition;Distortion;Hidden Markov models;Mathematical model;Multiple signal classification;Signal processing;Speech recognition;Statistical analysis;Stochastic processes;Temperature measurement;Tutorial}, 
doi={10.1109/5.18626}, 
ISSN={0018-9219}, 
month={Feb},}
